@article{Yu2021MaladaptationClimate,
    title = {{Maladaptation of U.S. corn and soybeans to a changing climate}},
    year = {2021},
    journal = {Scientific Reports},
    author = {Yu, Chengzheng and Miao, Ruiqing and Khanna, Madhu},
    number = {1},
    month = {12},
    volume = {11},
    publisher = {Nature Research},
    doi = {10.1038/s41598-021-91192-5},
    issn = {20452322},
    pmid = {34117293}
}